
<record>
  <controlfield tag="001">740877</controlfield>
  <datafield tag="035" ind1=" " ind2=" ">
    <subfield code="a">Nguyen:2006zz</subfield>
    <subfield code="9">SPIRESTeX</subfield>
  </datafield>
  <datafield tag="245" ind1=" " ind2=" ">
    <subfield code="a">KLOE results on scalar mesons from $\phi \to \pi \pi \gamma$ decays</subfield>
  </datafield>
  <datafield tag="710" ind1=" " ind2=" ">
    <subfield code="g">KLOE</subfield>
  </datafield>
</record>