
<record>
  <controlfield tag="001">740876</controlfield>
  <datafield tag="035" ind1=" " ind2=" ">
    <subfield code="a">DiMicco:2006zz</subfield>
    <subfield code="9">SPIRESTeX</subfield>
  </datafield>
  <datafield tag="710" ind1=" " ind2=" ">
    <subfield code="g">KLOE</subfield>
  </datafield>
  <datafield tag="245" ind1=" " ind2=" ">
    <subfield code="a">KLOE results on eta and eta-prime physics</subfield>
  </datafield>
</record>